@ARTICLE{2016arXiv160206072K,
   author = {{Knopp}, T. and {Viereck}, {Bringout}, G. T. and {Ahlborg}, M. and {Rahmer}, J. and 
	{Hofmann}, M.},
    title = "{MDF: Magnetic Particle Imaging Data Format}",
  journal = {ArXiv e-prints},
archivePrefix = "arXiv",
   eprint = {1602.06072},
 primaryClass = "physics.med-ph",
 keywords = {Physics - Medical Physics},
     year = 2016,
    month = feb,
}
